@manual{sample,
  author = {TU Dortmund},
  title = {V60 Diode Laser Physics},
  URL = { 
        https://moodle.tu-dortmund.de/pluginfile.php/1732164/mod_resource/content/3/V60.pdf

}
}
@book{eichler,
  title = {Lasers},
  subtitle = {Basics, Advances and Applications},
  author = {Eichler, Hans Joachim and Eichler, JÃ¼rgen and Lux, Oliver},
  year = {2018},
  isbn = {9783319998954},
  publisher = {Springer International Publishing}
} 
@book{stat,
  title = {Statistische und numerische Methoden der Datenanalyse},
  
  author = {Volker Blobel,Erich Lohrmann},
  year = {1998},
  isbn = {978-3-519-03243-4},
  publisher = {Vieweg+Teubner Verlag, Wiesbaden},
  doi = {https://doi.org/10.1007/978-3-663-05690-4}
} 
@url{detektor,
url = {https://de.wikibooks.org/wiki/Physikalische_Grundlagen_der_Nuklearmedizin/_Szintillationsz%C3%A4hler},

}
@url{pdg,
title = {Passage of Particles Through Matter},
url = {https://pdg.lbl.gov/2019/reviews/rpp2018-rev-passage-particles-matter.pdf},

}
