@manual{sample,
  author = {TU Dortmund},
  title = {V60 Diode Laser Physics},
  URL = { 
        https://moodle.tu-dortmund.de/pluginfile.php/1732164/mod_resource/content/3/V60.pdf

}
}