@manual{anleitung,
  author = {TU Dortmund},
  title = {V01 - Lebensdauer kosmischer Myonen},
  URL = {https://moodle.tu-dortmund.de/pluginfile.php/1732179/mod_page/content/5/V01.pdf}
}
@online{szintillatoren,
  author       = {Univ. Doz. Dl. Dr. Manfred Krammer},
  howpublished = {Online},
  title        = {Szintillatoren},
  urldate      = {2022-01-21},
  url          = {https://web-docs.gsi.de/~wolle/Schuelerlabor/TALKS/DETEKTOREN/VO-5-Szintillatoren.pdf}
}