@url{online,
  howpublished = {Online},
  url          = {http://lehre.ikz-berlin.de/physhu/scripte/roentgen/Vorlesung08_Roentgenreflektometrie_presentation.pdf}
}
@url{kiessig,
  title = {Röntgenreflektometrie},
  howpublished = {Online},
  url          = {https://www.e1.physik.tu-dortmund.de/cms/Medienpool/Downloads/Roentgenreflektometrie_Versuch.pdf}
}

@phdthesis{dissertation,
    title    = {Charakterisierung von Lipid-Oligolagen nach Zugabe von Hyaluronsäure und polymeren Ersatzstoffen 
    zur Aufklärung möglicher Wirkmechanismen in der Viskosupplementation},
    school   = {Ruprecht-Karls-Universität Heidelberg},
    author   = {Schwörer, Felicitas},
    year     = {2017}
}

@phdthesis{dissertation2,
    title    = {Untersuchung von Grenzflächen zwischen zwei Flüssigkeiten mittels Röntgenstreumethoden},
    school   = {Christian-Albrechts-Universität zu Kiel},
    author   = {Elsen, Annika},
    year     = {2012}
}

@phdthesis{dissertation3,
    title    = {Surface structure and dynamics of supercooled polymer melts and metal-polymer nanocomposites},
    school   = {Universität Dortmund},
    author   = {Streit, Simone},
    year     = {2007}
}
